<record><leader>00000cas a22000007a 4500</leader><controlfield tag="001">12869760</controlfield><controlfield tag="008">851204c191u9999tnudr ne      0   a0eng  </controlfield><datafield ind1=" " ind2=" " tag="010"><subfield code="a">sn 85042823 </subfield></datafield><datafield ind1=" " ind2=" " tag="040"><subfield code="a">DLC</subfield><subfield code="b">eng</subfield><subfield code="c">DLC</subfield><subfield code="d">NPT</subfield><subfield code="d">NSD</subfield><subfield code="d">TGN</subfield><subfield code="d">OCLCQ</subfield><subfield code="d">OCLCO</subfield><subfield code="d">OCLCQ</subfield><subfield code="d">OCLCF</subfield></datafield><datafield ind1=" " ind2=" " tag="012"><subfield code="m">1</subfield></datafield><datafield ind1="1" ind2=" " tag="022"><subfield code="a">0890-9938</subfield><subfield code="l">0890-9938</subfield><subfield code="2">1</subfield></datafield><datafield ind1="1" ind2=" " tag="029"><subfield code="a">AU@</subfield><subfield code="b">000021676691</subfield></datafield><datafield ind1=" " ind2=" " tag="032"><subfield code="a">272200</subfield><subfield code="b">USPS</subfield></datafield><datafield ind1=" " ind2=" " tag="037"><subfield code="b">The Jackson Sun, 245 W. Lafayette St., P.O. Box 1059, Jackson, TN 38301</subfield></datafield><datafield ind1=" " ind2=" " tag="042"><subfield code="a">msc</subfield><subfield code="a">nsdp</subfield></datafield><datafield ind1=" " ind2=" " tag="043"><subfield code="a">n-us-tn</subfield></datafield><datafield ind1="0" ind2="0" tag="050"><subfield code="a">Newspaper 9806</subfield></datafield><datafield ind1="0" ind2=" " tag="130"><subfield code="a">Jackson sun (Jackson, Tenn. : Daily)</subfield></datafield><datafield ind1=" " ind2="4" tag="222"><subfield code="a">The Jackson sun</subfield><subfield code="b">(Jackson, Tenn. 1895)</subfield></datafield><datafield ind1="1" ind2="4" tag="245"><subfield code="a">The Jackson sun.</subfield></datafield><datafield ind1=" " ind2=" " tag="250"><subfield code="a">Centennial ed.</subfield></datafield><datafield ind1=" " ind2=" " tag="260"><subfield code="a">Jackson, Tenn. :</subfield><subfield code="b">[Sun Pub. Co.]</subfield></datafield><datafield ind1=" " ind2=" " tag="300"><subfield code="a">v. :</subfield><subfield code="b">ill. ;</subfield><subfield code="c">58 cm.</subfield></datafield><datafield ind1=" " ind2=" " tag="310"><subfield code="a">Daily,</subfield><subfield code="b">Aug. 30, 1986-</subfield></datafield><datafield ind1=" " ind2=" " tag="321"><subfield code="a">Daily (except Sat.),</subfield><subfield code="b">&lt;Jan. 8, 1912&gt;-1986</subfield></datafield><datafield ind1=" " ind2=" " tag="500"><subfield code="a">Publisher varies: Jackson Sun, Inc., &lt;Aug. 30, 1986-&gt;</subfield></datafield><datafield ind1=" " ind2=" " tag="580"><subfield code="a">Weekly edition sent free to non-subscribers: Sun Spotter, 1976-&lt;1979&gt;.</subfield></datafield><datafield ind1=" " ind2=" " tag="588"><subfield code="a">Description based on: Vol. 38, no. 7 (Jan. 8, 1912).</subfield></datafield><datafield ind1=" " ind2="0" tag="651"><subfield code="a">Jackson (Tenn.)</subfield><subfield code="v">Newspapers.</subfield></datafield><datafield ind1=" " ind2="0" tag="651"><subfield code="a">Madison County (Tenn.)</subfield><subfield code="v">Newspapers.</subfield></datafield><datafield ind1=" " ind2="7" tag="655"><subfield code="a">Newspapers.</subfield><subfield code="2">fast</subfield><subfield code="0">(OCoLC)fst01423814</subfield></datafield><datafield ind1=" " ind2="7" tag="651"><subfield code="a">Tennessee</subfield><subfield code="z">Jackson.</subfield><subfield code="2">fast</subfield><subfield code="0">(OCoLC)fst01219777</subfield></datafield><datafield ind1=" " ind2="7" tag="651"><subfield code="a">Tennessee</subfield><subfield code="z">Madison County.</subfield><subfield code="2">fast</subfield><subfield code="0">(OCoLC)fst01219778</subfield></datafield><datafield ind1=" " ind2=" " tag="752"><subfield code="a">United States</subfield><subfield code="b">Tennessee</subfield><subfield code="c">Madison</subfield><subfield code="d">Jackson.</subfield></datafield><datafield ind1="1" ind2=" " tag="775"><subfield code="t">Sun Spotter</subfield><subfield code="w">(DLC)sn 99065866</subfield></datafield><datafield ind1="0" ind2="0" tag="780"><subfield code="t">Jackson daily sun (Jackson, Tenn.)</subfield><subfield code="w">(DLC)sn 97065513</subfield></datafield></record>